%YAML 1.1
%TAG !u! tag:unity3d.com,2011:
--- !u!29 &1
OcclusionCullingSettings:
  m_ObjectHideFlags: 0
  serializedVersion: 2
  m_OcclusionBakeSettings:
    smallestOccluder: 5
    smallestHole: 0.25
    backfaceThreshold: 100
  m_SceneGUID: 00000000000000000000000000000000
  m_OcclusionCullingData: {fileID: 0}
--- !u!104 &2
RenderSettings:
  m_ObjectHideFlags: 0
  serializedVersion: 9
  m_Fog: 0
  m_FogColor: {r: 0.5, g: 0.5, b: 0.5, a: 1}
  m_FogMode: 3
  m_FogDensity: 0.01
  m_LinearFogStart: 0
  m_LinearFogEnd: 300
  m_AmbientSkyColor: {r: 0.212, g: 0.227, b: 0.259, a: 1}
  m_AmbientEquatorColor: {r: 0.114, g: 0.125, b: 0.133, a: 1}
  m_AmbientGroundColor: {r: 0.047, g: 0.043, b: 0.035, a: 1}
  m_AmbientIntensity: 1
  m_AmbientMode: 0
  m_SubtractiveShadowColor: {r: 0.42, g: 0.478, b: 0.627, a: 1}
  m_SkyboxMaterial: {fileID: 10304, guid: 0000000000000000f000000000000000, type: 0}
  m_HaloStrength: 0.5
  m_FlareStrength: 1
  m_FlareFadeSpeed: 3
  m_HaloTexture: {fileID: 0}
  m_SpotCookie: {fileID: 10001, guid: 0000000000000000e000000000000000, type: 0}
  m_DefaultReflectionMode: 0
  m_DefaultReflectionResolution: 128
  m_ReflectionBounces: 1
  m_ReflectionIntensity: 1
  m_CustomReflection: {fileID: 0}
  m_Sun: {fileID: 0}
  m_IndirectSpecularColor: {r: 0.44657898, g: 0.4964133, b: 0.5748178, a: 1}
  m_UseRadianceAmbientProbe: 0
--- !u!157 &3
LightmapSettings:
  m_ObjectHideFlags: 0
  serializedVersion: 11
  m_GIWorkflowMode: 0
  m_GISettings:
    serializedVersion: 2
    m_BounceScale: 1
    m_IndirectOutputScale: 1
    m_AlbedoBoost: 1
    m_TemporalCoherenceThreshold: 1
    m_EnvironmentLightingMode: 0
    m_EnableBakedLightmaps: 1
    m_EnableRealtimeLightmaps: 1
  m_LightmapEditorSettings:
    serializedVersion: 10
    m_Resolution: 2
    m_BakeResolution: 40
    m_AtlasSize: 1024
    m_AO: 0
    m_AOMaxDistance: 1
    m_CompAOExponent: 1
    m_CompAOExponentDirect: 0
    m_Padding: 2
    m_LightmapParameters: {fileID: 0}
    m_LightmapsBakeMode: 1
    m_TextureCompression: 1
    m_FinalGather: 0
    m_FinalGatherFiltering: 1
    m_FinalGatherRayCount: 256
    m_ReflectionCompression: 2
    m_MixedBakeMode: 2
    m_BakeBackend: 1
    m_PVRSampling: 1
    m_PVRDirectSampleCount: 32
    m_PVRSampleCount: 500
    m_PVRBounces: 2
    m_PVRFilterTypeDirect: 0
    m_PVRFilterTypeIndirect: 0
    m_PVRFilterTypeAO: 0
    m_PVRFilteringMode: 1
    m_PVRCulling: 1
    m_PVRFilteringGaussRadiusDirect: 1
    m_PVRFilteringGaussRadiusIndirect: 5
    m_PVRFilteringGaussRadiusAO: 2
    m_PVRFilteringAtrousPositionSigmaDirect: 0.5
    m_PVRFilteringAtrousPositionSigmaIndirect: 2
    m_PVRFilteringAtrousPositionSigmaAO: 1
    m_ShowResolutionOverlay: 1
  m_LightingDataAsset: {fileID: 0}
  m_UseShadowmask: 1
--- !u!196 &4
NavMeshSettings:
  serializedVersion: 2
  m_ObjectHideFlags: 0
  m_BuildSettings:
    serializedVersion: 2
    agentTypeID: 0
    agentRadius: 0.5
    agentHeight: 2
    agentSlope: 45
    agentClimb: 0.4
    ledgeDropHeight: 0
    maxJumpAcrossDistance: 0
    minRegionArea: 2
    manualCellSize: 0
    cellSize: 0.16666667
    manualTileSize: 0
    tileSize: 256
    accuratePlacement: 0
    debug:
      m_Flags: 0
  m_NavMeshData: {fileID: 0}
--- !u!1 &31143316
GameObject:
  m_ObjectHideFlags: 0
  m_CorrespondingSourceObject: {fileID: 0}
  m_PrefabInternal: {fileID: 0}
  serializedVersion: 6
  m_Component:
  - component: {fileID: 31143317}
  m_Layer: 0
  m_Name: '----CreatedRuntime----'
  m_TagString: Untagged
  m_Icon: {fileID: 0}
  m_NavMeshLayer: 0
  m_StaticEditorFlags: 0
  m_IsActive: 1
--- !u!4 &31143317
Transform:
  m_ObjectHideFlags: 0
  m_CorrespondingSourceObject: {fileID: 0}
  m_PrefabInternal: {fileID: 0}
  m_GameObject: {fileID: 31143316}
  m_LocalRotation: {x: 0, y: 0, z: 0, w: 1}
  m_LocalPosition: {x: 0, y: 0, z: 0}
  m_LocalScale: {x: 1, y: 1, z: 1}
  m_Children: []
  m_Father: {fileID: 0}
  m_RootOrder: 14
  m_LocalEulerAnglesHint: {x: 0, y: 0, z: 0}
--- !u!1001 &52325675
Prefab:
  m_ObjectHideFlags: 0
  serializedVersion: 2
  m_Modification:
    m_TransformParent: {fileID: 0}
    m_Modifications:
    - target: {fileID: 4935213075804268, guid: 9970c1dd953a14c42950adbf30a49fe0, type: 2}
      propertyPath: m_LocalPosition.x
      value: 0
      objectReference: {fileID: 0}
    - target: {fileID: 4935213075804268, guid: 9970c1dd953a14c42950adbf30a49fe0, type: 2}
      propertyPath: m_LocalPosition.y
      value: 0
      objectReference: {fileID: 0}
    - target: {fileID: 4935213075804268, guid: 9970c1dd953a14c42950adbf30a49fe0, type: 2}
      propertyPath: m_LocalPosition.z
      value: 0
      objectReference: {fileID: 0}
    - target: {fileID: 4935213075804268, guid: 9970c1dd953a14c42950adbf30a49fe0, type: 2}
      propertyPath: m_LocalRotation.x
      value: 0
      objectReference: {fileID: 0}
    - target: {fileID: 4935213075804268, guid: 9970c1dd953a14c42950adbf30a49fe0, type: 2}
      propertyPath: m_LocalRotation.y
      value: 0
      objectReference: {fileID: 0}
    - target: {fileID: 4935213075804268, guid: 9970c1dd953a14c42950adbf30a49fe0, type: 2}
      propertyPath: m_LocalRotation.z
      value: 0
      objectReference: {fileID: 0}
    - target: {fileID: 4935213075804268, guid: 9970c1dd953a14c42950adbf30a49fe0, type: 2}
      propertyPath: m_LocalRotation.w
      value: 1
      objectReference: {fileID: 0}
    - target: {fileID: 4935213075804268, guid: 9970c1dd953a14c42950adbf30a49fe0, type: 2}
      propertyPath: m_RootOrder
      value: 3
      objectReference: {fileID: 0}
    - target: {fileID: 114152156960759570, guid: 9970c1dd953a14c42950adbf30a49fe0,
        type: 2}
      propertyPath: cutsceneTexts.Array.data[0]
      value: 
      objectReference: {fileID: 64261350}
    - target: {fileID: 114152156960759570, guid: 9970c1dd953a14c42950adbf30a49fe0,
        type: 2}
      propertyPath: cutsceneTexts.Array.data[1]
      value: 
      objectReference: {fileID: 1936369187}
    m_RemovedComponents: []
  m_SourcePrefab: {fileID: 100100000, guid: 9970c1dd953a14c42950adbf30a49fe0, type: 2}
  m_IsPrefabAsset: 0
--- !u!114 &64261350 stripped
MonoBehaviour:
  m_CorrespondingSourceObject: {fileID: 114338306056960094, guid: a4a802db8889f15498404b343cfd3c2c,
    type: 2}
  m_PrefabInternal: {fileID: 623049646}
  m_Script: {fileID: 11500000, guid: c729196d369a62748a8552614a20a0a0, type: 3}
--- !u!1 &73164042
GameObject:
  m_ObjectHideFlags: 0
  m_CorrespondingSourceObject: {fileID: 0}
  m_PrefabInternal: {fileID: 0}
  serializedVersion: 6
  m_Component:
  - component: {fileID: 73164043}
  m_Layer: 0
  m_Name: Obstacles
  m_TagString: Untagged
  m_Icon: {fileID: 0}
  m_NavMeshLayer: 0
  m_StaticEditorFlags: 0
  m_IsActive: 1
--- !u!4 &73164043
Transform:
  m_ObjectHideFlags: 0
  m_CorrespondingSourceObject: {fileID: 0}
  m_PrefabInternal: {fileID: 0}
  m_GameObject: {fileID: 73164042}
  m_LocalRotation: {x: 0, y: 0, z: 0, w: 1}
  m_LocalPosition: {x: 5, y: 0.1, z: 5}
  m_LocalScale: {x: 1, y: 1, z: 1}
  m_Children:
  - {fileID: 1354609649}
  - {fileID: 512185996}
  - {fileID: 2039748743}
  - {fileID: 1221771937}
  m_Father: {fileID: 0}
  m_RootOrder: 10
  m_LocalEulerAnglesHint: {x: 0, y: 0, z: 0}
--- !u!1001 &103417751
Prefab:
  m_ObjectHideFlags: 0
  serializedVersion: 2
  m_Modification:
    m_TransformParent: {fileID: 0}
    m_Modifications:
    - target: {fileID: 4104785045670532, guid: cd7d68a865047064cafb2104ff3da0ec, type: 2}
      propertyPath: m_LocalPosition.x
      value: 0
      objectReference: {fileID: 0}
    - target: {fileID: 4104785045670532, guid: cd7d68a865047064cafb2104ff3da0ec, type: 2}
      propertyPath: m_LocalPosition.y
      value: 0
      objectReference: {fileID: 0}
    - target: {fileID: 4104785045670532, guid: cd7d68a865047064cafb2104ff3da0ec, type: 2}
      propertyPath: m_LocalPosition.z
      value: 0
      objectReference: {fileID: 0}
    - target: {fileID: 4104785045670532, guid: cd7d68a865047064cafb2104ff3da0ec, type: 2}
      propertyPath: m_LocalRotation.x
      value: 0
      objectReference: {fileID: 0}
    - target: {fileID: 4104785045670532, guid: cd7d68a865047064cafb2104ff3da0ec, type: 2}
      propertyPath: m_LocalRotation.y
      value: 0
      objectReference: {fileID: 0}
    - target: {fileID: 4104785045670532, guid: cd7d68a865047064cafb2104ff3da0ec, type: 2}
      propertyPath: m_LocalRotation.z
      value: 0
      objectReference: {fileID: 0}
    - target: {fileID: 4104785045670532, guid: cd7d68a865047064cafb2104ff3da0ec, type: 2}
      propertyPath: m_LocalRotation.w
      value: 1
      objectReference: {fileID: 0}
    - target: {fileID: 4104785045670532, guid: cd7d68a865047064cafb2104ff3da0ec, type: 2}
      propertyPath: m_RootOrder
      value: 1
      objectReference: {fileID: 0}
    m_RemovedComponents: []
  m_SourcePrefab: {fileID: 100100000, guid: cd7d68a865047064cafb2104ff3da0ec, type: 2}
  m_IsPrefabAsset: 0
--- !u!1 &186498258 stripped
GameObject:
  m_CorrespondingSourceObject: {fileID: 1509027293103718, guid: 9726bf132d99ba241ab9480682120b72,
    type: 2}
  m_PrefabInternal: {fileID: 461350598}
--- !u!1001 &461350598
Prefab:
  m_ObjectHideFlags: 0
  serializedVersion: 2
  m_Modification:
    m_TransformParent: {fileID: 0}
    m_Modifications:
    - target: {fileID: 4878918025960274, guid: 9726bf132d99ba241ab9480682120b72, type: 2}
      propertyPath: m_LocalPosition.x
      value: 0
      objectReference: {fileID: 0}
    - target: {fileID: 4878918025960274, guid: 9726bf132d99ba241ab9480682120b72, type: 2}
      propertyPath: m_LocalPosition.y
      value: 0
      objectReference: {fileID: 0}
    - target: {fileID: 4878918025960274, guid: 9726bf132d99ba241ab9480682120b72, type: 2}
      propertyPath: m_LocalPosition.z
      value: 0
      objectReference: {fileID: 0}
    - target: {fileID: 4878918025960274, guid: 9726bf132d99ba241ab9480682120b72, type: 2}
      propertyPath: m_LocalRotation.x
      value: 0
      objectReference: {fileID: 0}
    - target: {fileID: 4878918025960274, guid: 9726bf132d99ba241ab9480682120b72, type: 2}
      propertyPath: m_LocalRotation.y
      value: 0
      objectReference: {fileID: 0}
    - target: {fileID: 4878918025960274, guid: 9726bf132d99ba241ab9480682120b72, type: 2}
      propertyPath: m_LocalRotation.z
      value: 0
      objectReference: {fileID: 0}
    - target: {fileID: 4878918025960274, guid: 9726bf132d99ba241ab9480682120b72, type: 2}
      propertyPath: m_LocalRotation.w
      value: 1
      objectReference: {fileID: 0}
    - target: {fileID: 4878918025960274, guid: 9726bf132d99ba241ab9480682120b72, type: 2}
      propertyPath: m_RootOrder
      value: 5
      objectReference: {fileID: 0}
    m_RemovedComponents: []
  m_SourcePrefab: {fileID: 100100000, guid: 9726bf132d99ba241ab9480682120b72, type: 2}
  m_IsPrefabAsset: 0
--- !u!1 &512185995
GameObject:
  m_ObjectHideFlags: 0
  m_CorrespondingSourceObject: {fileID: 0}
  m_PrefabInternal: {fileID: 0}
  serializedVersion: 6
  m_Component:
  - component: {fileID: 512185996}
  - component: {fileID: 512185999}
  - component: {fileID: 512185998}
  - component: {fileID: 512185997}
  m_Layer: 9
  m_Name: Obstacle (1)
  m_TagString: Untagged
  m_Icon: {fileID: 0}
  m_NavMeshLayer: 0
  m_StaticEditorFlags: 0
  m_IsActive: 1
--- !u!4 &512185996
Transform:
  m_ObjectHideFlags: 0
  m_CorrespondingSourceObject: {fileID: 0}
  m_PrefabInternal: {fileID: 0}
  m_GameObject: {fileID: 512185995}
  m_LocalRotation: {x: -0, y: -0, z: -0, w: 1}
  m_LocalPosition: {x: 0.84, y: 0.5, z: 2.97}
  m_LocalScale: {x: 2.554085, y: 1, z: 1}
  m_Children: []
  m_Father: {fileID: 73164043}
  m_RootOrder: 1
  m_LocalEulerAnglesHint: {x: 0, y: 0, z: 0}
--- !u!65 &512185997
BoxCollider:
  m_ObjectHideFlags: 0
  m_CorrespondingSourceObject: {fileID: 0}
  m_PrefabInternal: {fileID: 0}
  m_GameObject: {fileID: 512185995}
  m_Material: {fileID: 0}
  m_IsTrigger: 0
  m_Enabled: 1
  serializedVersion: 2
  m_Size: {x: 1, y: 1, z: 1}
  m_Center: {x: 0, y: 0, z: 0}
--- !u!23 &512185998
MeshRenderer:
  m_ObjectHideFlags: 0
  m_CorrespondingSourceObject: {fileID: 0}
  m_PrefabInternal: {fileID: 0}
  m_GameObject: {fileID: 512185995}
  m_Enabled: 1
  m_CastShadows: 1
  m_ReceiveShadows: 1
  m_DynamicOccludee: 1
  m_MotionVectors: 1
  m_LightProbeUsage: 1
  m_ReflectionProbeUsage: 1
  m_RenderingLayerMask: 4294967295
  m_Materials:
  - {fileID: 2100000, guid: 9c69c0239a498f440801e4c98dab8c1f, type: 2}
  m_StaticBatchInfo:
    firstSubMesh: 0
    subMeshCount: 0
  m_StaticBatchRoot: {fileID: 0}
  m_ProbeAnchor: {fileID: 0}
  m_LightProbeVolumeOverride: {fileID: 0}
  m_ScaleInLightmap: 1
  m_PreserveUVs: 0
  m_IgnoreNormalsForChartDetection: 0
  m_ImportantGI: 0
  m_StitchLightmapSeams: 0
  m_SelectedEditorRenderState: 3
  m_MinimumChartSize: 4
  m_AutoUVMaxDistance: 0.5
  m_AutoUVMaxAngle: 89
  m_LightmapParameters: {fileID: 0}
  m_SortingLayerID: 0
  m_SortingLayer: 0
  m_SortingOrder: 0
--- !u!33 &512185999
MeshFilter:
  m_ObjectHideFlags: 0
  m_CorrespondingSourceObject: {fileID: 0}
  m_PrefabInternal: {fileID: 0}
  m_GameObject: {fileID: 512185995}
  m_Mesh: {fileID: 10202, guid: 0000000000000000e000000000000000, type: 0}
--- !u!1001 &623049646
Prefab:
  m_ObjectHideFlags: 0
  serializedVersion: 2
  m_Modification:
    m_TransformParent: {fileID: 0}
    m_Modifications:
    - target: {fileID: 4273972782031894, guid: a4a802db8889f15498404b343cfd3c2c, type: 2}
      propertyPath: m_LocalPosition.x
      value: 0
      objectReference: {fileID: 0}
    - target: {fileID: 4273972782031894, guid: a4a802db8889f15498404b343cfd3c2c, type: 2}
      propertyPath: m_LocalPosition.y
      value: 0
      objectReference: {fileID: 0}
    - target: {fileID: 4273972782031894, guid: a4a802db8889f15498404b343cfd3c2c, type: 2}
      propertyPath: m_LocalPosition.z
      value: 0
      objectReference: {fileID: 0}
    - target: {fileID: 4273972782031894, guid: a4a802db8889f15498404b343cfd3c2c, type: 2}
      propertyPath: m_LocalRotation.x
      value: 0
      objectReference: {fileID: 0}
    - target: {fileID: 4273972782031894, guid: a4a802db8889f15498404b343cfd3c2c, type: 2}
      propertyPath: m_LocalRotation.y
      value: 0
      objectReference: {fileID: 0}
    - target: {fileID: 4273972782031894, guid: a4a802db8889f15498404b343cfd3c2c, type: 2}
      propertyPath: m_LocalRotation.z
      value: 0
      objectReference: {fileID: 0}
    - target: {fileID: 4273972782031894, guid: a4a802db8889f15498404b343cfd3c2c, type: 2}
      propertyPath: m_LocalRotation.w
      value: 1
      objectReference: {fileID: 0}
    - target: {fileID: 4273972782031894, guid: a4a802db8889f15498404b343cfd3c2c, type: 2}
      propertyPath: m_RootOrder
      value: 6
      objectReference: {fileID: 0}
    - target: {fileID: 1182049924682312, guid: a4a802db8889f15498404b343cfd3c2c, type: 2}
      propertyPath: m_Name
      value: CutsceneText_0
      objectReference: {fileID: 0}
    - target: {fileID: 1182049924682312, guid: a4a802db8889f15498404b343cfd3c2c, type: 2}
      propertyPath: m_IsActive
      value: 1
      objectReference: {fileID: 0}
    - target: {fileID: 223713749459172294, guid: a4a802db8889f15498404b343cfd3c2c,
        type: 2}
      propertyPath: m_Enabled
      value: 0
      objectReference: {fileID: 0}
    - target: {fileID: 224779259485042762, guid: a4a802db8889f15498404b343cfd3c2c,
        type: 2}
      propertyPath: m_AnchoredPosition.x
      value: 0
      objectReference: {fileID: 0}
    - target: {fileID: 224779259485042762, guid: a4a802db8889f15498404b343cfd3c2c,
        type: 2}
      propertyPath: m_AnchoredPosition.y
      value: -43.299988
      objectReference: {fileID: 0}
    - target: {fileID: 224779259485042762, guid: a4a802db8889f15498404b343cfd3c2c,
        type: 2}
      propertyPath: m_SizeDelta.x
      value: 0
      objectReference: {fileID: 0}
    m_RemovedComponents: []
  m_SourcePrefab: {fileID: 100100000, guid: a4a802db8889f15498404b343cfd3c2c, type: 2}
  m_IsPrefabAsset: 0
--- !u!198 &710936634 stripped
ParticleSystem:
  m_CorrespondingSourceObject: {fileID: 198791264520952894, guid: 5cec33e3cf0cc7645b9cb464345332be,
    type: 2}
  m_PrefabInternal: {fileID: 1819318874}
--- !u!1 &767175875
GameObject:
  m_ObjectHideFlags: 0
  m_CorrespondingSourceObject: {fileID: 0}
  m_PrefabInternal: {fileID: 0}
  serializedVersion: 6
  m_Component:
  - component: {fileID: 767175877}
  - component: {fileID: 767175876}
  m_Layer: 0
  m_Name: Directional Light
  m_TagString: Untagged
  m_Icon: {fileID: 0}
  m_NavMeshLayer: 0
  m_StaticEditorFlags: 0
  m_IsActive: 1
--- !u!108 &767175876
Light:
  m_ObjectHideFlags: 0
  m_CorrespondingSourceObject: {fileID: 0}
  m_PrefabInternal: {fileID: 0}
  m_GameObject: {fileID: 767175875}
  m_Enabled: 1
  serializedVersion: 8
  m_Type: 1
  m_Color: {r: 1, g: 0.95686275, b: 0.8392157, a: 1}
  m_Intensity: 1
  m_Range: 10
  m_SpotAngle: 30
  m_CookieSize: 10
  m_Shadows:
    m_Type: 2
    m_Resolution: -1
    m_CustomResolution: -1
    m_Strength: 1
    m_Bias: 0.05
    m_NormalBias: 0.4
    m_NearPlane: 0.2
  m_Cookie: {fileID: 0}
  m_DrawHalo: 0
  m_Flare: {fileID: 0}
  m_RenderMode: 0
  m_CullingMask:
    serializedVersion: 2
    m_Bits: 4294967295
  m_Lightmapping: 4
  m_LightShadowCasterMode: 0
  m_AreaSize: {x: 1, y: 1}
  m_BounceIntensity: 1
  m_ColorTemperature: 6570
  m_UseColorTemperature: 0
  m_ShadowRadius: 0
  m_ShadowAngle: 0
--- !u!4 &767175877
Transform:
  m_ObjectHideFlags: 0
  m_CorrespondingSourceObject: {fileID: 0}
  m_PrefabInternal: {fileID: 0}
  m_GameObject: {fileID: 767175875}
  m_LocalRotation: {x: 0.40821788, y: -0.23456968, z: 0.10938163, w: 0.8754261}
  m_LocalPosition: {x: 0, y: 3, z: 0}
  m_LocalScale: {x: 1, y: 1, z: 1}
  m_Children: []
  m_Father: {fileID: 0}
  m_RootOrder: 11
  m_LocalEulerAnglesHint: {x: 50, y: -30, z: 0}
--- !u!1 &845282451
GameObject:
  m_ObjectHideFlags: 0
  m_CorrespondingSourceObject: {fileID: 0}
  m_PrefabInternal: {fileID: 0}
  serializedVersion: 6
  m_Component:
  - component: {fileID: 845282452}
  m_Layer: 0
  m_Name: LevelGoal
  m_TagString: LevelGoal
  m_Icon: {fileID: 0}
  m_NavMeshLayer: 0
  m_StaticEditorFlags: 0
  m_IsActive: 1
--- !u!4 &845282452
Transform:
  m_ObjectHideFlags: 0
  m_CorrespondingSourceObject: {fileID: 0}
  m_PrefabInternal: {fileID: 0}
  m_GameObject: {fileID: 845282451}
  m_LocalRotation: {x: 0, y: 0, z: 0, w: 1}
  m_LocalPosition: {x: 0.48, y: 0, z: 2.44}
  m_LocalScale: {x: 1, y: 1, z: 1}
  m_Children: []
  m_Father: {fileID: 0}
  m_RootOrder: 12
  m_LocalEulerAnglesHint: {x: 0, y: 0, z: 0}
--- !u!114 &1016955007 stripped
MonoBehaviour:
  m_CorrespondingSourceObject: {fileID: 114320946732759430, guid: 9726bf132d99ba241ab9480682120b72,
    type: 2}
  m_PrefabInternal: {fileID: 461350598}
  m_Script: {fileID: 708705254, guid: f70555f144d8491a825f0804e09c671c, type: 3}
--- !u!1 &1063844636
GameObject:
  m_ObjectHideFlags: 0
  m_CorrespondingSourceObject: {fileID: 0}
  m_PrefabInternal: {fileID: 0}
  serializedVersion: 6
  m_Component:
  - component: {fileID: 1063844637}
  m_Layer: 0
  m_Name: '---------------------------'
  m_TagString: Untagged
  m_Icon: {fileID: 0}
  m_NavMeshLayer: 0
  m_StaticEditorFlags: 0
  m_IsActive: 1
--- !u!4 &1063844637
Transform:
  m_ObjectHideFlags: 0
  m_CorrespondingSourceObject: {fileID: 0}
  m_PrefabInternal: {fileID: 0}
  m_GameObject: {fileID: 1063844636}
  m_LocalRotation: {x: 0, y: 0, z: 0, w: 1}
  m_LocalPosition: {x: 0, y: 0, z: 0}
  m_LocalScale: {x: 1, y: 1, z: 1}
  m_Children: []
  m_Father: {fileID: 0}
  m_RootOrder: 4
  m_LocalEulerAnglesHint: {x: 0, y: 0, z: 0}
--- !u!1 &1139280259 stripped
GameObject:
  m_CorrespondingSourceObject: {fileID: 1715069516954230, guid: 9726bf132d99ba241ab9480682120b72,
    type: 2}
  m_PrefabInternal: {fileID: 461350598}
--- !u!1 &1221771936
GameObject:
  m_ObjectHideFlags: 0
  m_CorrespondingSourceObject: {fileID: 0}
  m_PrefabInternal: {fileID: 0}
  serializedVersion: 6
  m_Component:
  - component: {fileID: 1221771937}
  - component: {fileID: 1221771940}
  - component: {fileID: 1221771939}
  - component: {fileID: 1221771938}
  m_Layer: 9
  m_Name: Obstacle (3)
  m_TagString: Untagged
  m_Icon: {fileID: 0}
  m_NavMeshLayer: 0
  m_StaticEditorFlags: 0
  m_IsActive: 1
--- !u!4 &1221771937
Transform:
  m_ObjectHideFlags: 0
  m_CorrespondingSourceObject: {fileID: 0}
  m_PrefabInternal: {fileID: 0}
  m_GameObject: {fileID: 1221771936}
  m_LocalRotation: {x: -0, y: -0, z: -0, w: 1}
  m_LocalPosition: {x: 2.81, y: 0.5, z: -1}
  m_LocalScale: {x: 1, y: 1, z: 3.129}
  m_Children: []
  m_Father: {fileID: 73164043}
  m_RootOrder: 3
  m_LocalEulerAnglesHint: {x: 0, y: 0, z: 0}
--- !u!65 &1221771938
BoxCollider:
  m_ObjectHideFlags: 0
  m_CorrespondingSourceObject: {fileID: 0}
  m_PrefabInternal: {fileID: 0}
  m_GameObject: {fileID: 1221771936}
  m_Material: {fileID: 0}
  m_IsTrigger: 0
  m_Enabled: 1
  serializedVersion: 2
  m_Size: {x: 1, y: 1, z: 1}
  m_Center: {x: 0, y: 0, z: 0}
--- !u!23 &1221771939
MeshRenderer:
  m_ObjectHideFlags: 0
  m_CorrespondingSourceObject: {fileID: 0}
  m_PrefabInternal: {fileID: 0}
  m_GameObject: {fileID: 1221771936}
  m_Enabled: 1
  m_CastShadows: 1
  m_ReceiveShadows: 1
  m_DynamicOccludee: 1
  m_MotionVectors: 1
  m_LightProbeUsage: 1
  m_ReflectionProbeUsage: 1
  m_RenderingLayerMask: 4294967295
  m_Materials:
  - {fileID: 2100000, guid: 9c69c0239a498f440801e4c98dab8c1f, type: 2}
  m_StaticBatchInfo:
    firstSubMesh: 0
    subMeshCount: 0
  m_StaticBatchRoot: {fileID: 0}
  m_ProbeAnchor: {fileID: 0}
  m_LightProbeVolumeOverride: {fileID: 0}
  m_ScaleInLightmap: 1
  m_PreserveUVs: 0
  m_IgnoreNormalsForChartDetection: 0
  m_ImportantGI: 0
  m_StitchLightmapSeams: 0
  m_SelectedEditorRenderState: 3
  m_MinimumChartSize: 4
  m_AutoUVMaxDistance: 0.5
  m_AutoUVMaxAngle: 89
  m_LightmapParameters: {fileID: 0}
  m_SortingLayerID: 0
  m_SortingLayer: 0
  m_SortingOrder: 0
--- !u!33 &1221771940
MeshFilter:
  m_ObjectHideFlags: 0
  m_CorrespondingSourceObject: {fileID: 0}
  m_PrefabInternal: {fileID: 0}
  m_GameObject: {fileID: 1221771936}
  m_Mesh: {fileID: 10202, guid: 0000000000000000e000000000000000, type: 0}
--- !u!1001 &1264020351
Prefab:
  m_ObjectHideFlags: 0
  serializedVersion: 2
  m_Modification:
    m_TransformParent: {fileID: 0}
    m_Modifications:
    - target: {fileID: 114446213070793324, guid: 4fb38cfbfa872bd4db8cd7989122151a,
        type: 2}
      propertyPath: levelGoal.Array.size
      value: 2
      objectReference: {fileID: 0}
    - target: {fileID: 4196612341389246, guid: 4fb38cfbfa872bd4db8cd7989122151a, type: 2}
      propertyPath: m_LocalPosition.x
      value: 0
      objectReference: {fileID: 0}
    - target: {fileID: 4196612341389246, guid: 4fb38cfbfa872bd4db8cd7989122151a, type: 2}
      propertyPath: m_LocalPosition.y
      value: 0
      objectReference: {fileID: 0}
    - target: {fileID: 4196612341389246, guid: 4fb38cfbfa872bd4db8cd7989122151a, type: 2}
      propertyPath: m_LocalPosition.z
      value: 0
      objectReference: {fileID: 0}
    - target: {fileID: 4196612341389246, guid: 4fb38cfbfa872bd4db8cd7989122151a, type: 2}
      propertyPath: m_LocalRotation.x
      value: 0
      objectReference: {fileID: 0}
    - target: {fileID: 4196612341389246, guid: 4fb38cfbfa872bd4db8cd7989122151a, type: 2}
      propertyPath: m_LocalRotation.y
      value: 0
      objectReference: {fileID: 0}
    - target: {fileID: 4196612341389246, guid: 4fb38cfbfa872bd4db8cd7989122151a, type: 2}
      propertyPath: m_LocalRotation.z
      value: 0
      objectReference: {fileID: 0}
    - target: {fileID: 4196612341389246, guid: 4fb38cfbfa872bd4db8cd7989122151a, type: 2}
      propertyPath: m_LocalRotation.w
      value: 1
      objectReference: {fileID: 0}
    - target: {fileID: 4196612341389246, guid: 4fb38cfbfa872bd4db8cd7989122151a, type: 2}
      propertyPath: m_RootOrder
      value: 2
      objectReference: {fileID: 0}
    - target: {fileID: 114446213070793324, guid: 4fb38cfbfa872bd4db8cd7989122151a,
        type: 2}
      propertyPath: levelGoal
      value: 
      objectReference: {fileID: 0}
    - target: {fileID: 114625744739176848, guid: 4fb38cfbfa872bd4db8cd7989122151a,
        type: 2}
      propertyPath: seeker
      value: 
      objectReference: {fileID: 0}
    - target: {fileID: 114625744739176848, guid: 4fb38cfbfa872bd4db8cd7989122151a,
        type: 2}
      propertyPath: target
      value: 
      objectReference: {fileID: 0}
    - target: {fileID: 114446213070793324, guid: 4fb38cfbfa872bd4db8cd7989122151a,
        type: 2}
      propertyPath: levelGoal.Array.data[0]
      value: 
      objectReference: {fileID: 845282452}
    - target: {fileID: 114446213070793324, guid: 4fb38cfbfa872bd4db8cd7989122151a,
        type: 2}
      propertyPath: fogOfWarPrefab
      value: 
      objectReference: {fileID: 1403343407019240, guid: faacaa6cf97396740833c52f86a90049,
        type: 2}
    - target: {fileID: 114446213070793324, guid: 4fb38cfbfa872bd4db8cd7989122151a,
        type: 2}
      propertyPath: levelGoal.Array.data[1]
      value: 
      objectReference: {fileID: 1658505284}
    m_RemovedComponents: []
  m_SourcePrefab: {fileID: 100100000, guid: 4fb38cfbfa872bd4db8cd7989122151a, type: 2}
  m_IsPrefabAsset: 0
--- !u!1 &1354609648
GameObject:
  m_ObjectHideFlags: 0
  m_CorrespondingSourceObject: {fileID: 0}
  m_PrefabInternal: {fileID: 0}
  serializedVersion: 6
  m_Component:
  - component: {fileID: 1354609649}
  - component: {fileID: 1354609652}
  - component: {fileID: 1354609651}
  - component: {fileID: 1354609650}
  m_Layer: 9
  m_Name: Obstacle
  m_TagString: Untagged
  m_Icon: {fileID: 0}
  m_NavMeshLayer: 0
  m_StaticEditorFlags: 0
  m_IsActive: 1
--- !u!4 &1354609649
Transform:
  m_ObjectHideFlags: 0
  m_CorrespondingSourceObject: {fileID: 0}
  m_PrefabInternal: {fileID: 0}
  m_GameObject: {fileID: 1354609648}
  m_LocalRotation: {x: -0, y: -0, z: -0, w: 1}
  m_LocalPosition: {x: 0.71, y: 0.5, z: -3.22}
  m_LocalScale: {x: 1, y: 1, z: 1}
  m_Children: []
  m_Father: {fileID: 73164043}
  m_RootOrder: 0
  m_LocalEulerAnglesHint: {x: 0, y: 0, z: 0}
--- !u!65 &1354609650
BoxCollider:
  m_ObjectHideFlags: 0
  m_CorrespondingSourceObject: {fileID: 0}
  m_PrefabInternal: {fileID: 0}
  m_GameObject: {fileID: 1354609648}
  m_Material: {fileID: 0}
  m_IsTrigger: 0
  m_Enabled: 1
  serializedVersion: 2
  m_Size: {x: 1, y: 1, z: 1}
  m_Center: {x: 0, y: 0, z: 0}
--- !u!23 &1354609651
MeshRenderer:
  m_ObjectHideFlags: 0
  m_CorrespondingSourceObject: {fileID: 0}
  m_PrefabInternal: {fileID: 0}
  m_GameObject: {fileID: 1354609648}
  m_Enabled: 1
  m_CastShadows: 1
  m_ReceiveShadows: 1
  m_DynamicOccludee: 1
  m_MotionVectors: 1
  m_LightProbeUsage: 1
  m_ReflectionProbeUsage: 1
  m_RenderingLayerMask: 4294967295
  m_Materials:
  - {fileID: 2100000, guid: 9c69c0239a498f440801e4c98dab8c1f, type: 2}
  m_StaticBatchInfo:
    firstSubMesh: 0
    subMeshCount: 0
  m_StaticBatchRoot: {fileID: 0}
  m_ProbeAnchor: {fileID: 0}
  m_LightProbeVolumeOverride: {fileID: 0}
  m_ScaleInLightmap: 1
  m_PreserveUVs: 0
  m_IgnoreNormalsForChartDetection: 0
  m_ImportantGI: 0
  m_StitchLightmapSeams: 0
  m_SelectedEditorRenderState: 3
  m_MinimumChartSize: 4
  m_AutoUVMaxDistance: 0.5
  m_AutoUVMaxAngle: 89
  m_LightmapParameters: {fileID: 0}
  m_SortingLayerID: 0
  m_SortingLayer: 0
  m_SortingOrder: 0
--- !u!33 &1354609652
MeshFilter:
  m_ObjectHideFlags: 0
  m_CorrespondingSourceObject: {fileID: 0}
  m_PrefabInternal: {fileID: 0}
  m_GameObject: {fileID: 1354609648}
  m_Mesh: {fileID: 10202, guid: 0000000000000000e000000000000000, type: 0}
--- !u!198 &1383028476 stripped
ParticleSystem:
  m_CorrespondingSourceObject: {fileID: 198655999638245904, guid: 5cec33e3cf0cc7645b9cb464345332be,
    type: 2}
  m_PrefabInternal: {fileID: 1819318874}
--- !u!1 &1404110049 stripped
GameObject:
  m_CorrespondingSourceObject: {fileID: 1434280296059128, guid: 9726bf132d99ba241ab9480682120b72,
    type: 2}
  m_PrefabInternal: {fileID: 461350598}
--- !u!1 &1469432619
GameObject:
  m_ObjectHideFlags: 0
  m_CorrespondingSourceObject: {fileID: 0}
  m_PrefabInternal: {fileID: 0}
  serializedVersion: 6
  m_Component:
  - component: {fileID: 1469432623}
  - component: {fileID: 1469432622}
  - component: {fileID: 1469432621}
  - component: {fileID: 1469432620}
  m_Layer: 0
  m_Name: Ground
  m_TagString: Untagged
  m_Icon: {fileID: 0}
  m_NavMeshLayer: 0
  m_StaticEditorFlags: 0
  m_IsActive: 1
--- !u!64 &1469432620
MeshCollider:
  m_ObjectHideFlags: 0
  m_CorrespondingSourceObject: {fileID: 0}
  m_PrefabInternal: {fileID: 0}
  m_GameObject: {fileID: 1469432619}
  m_Material: {fileID: 0}
  m_IsTrigger: 0
  m_Enabled: 1
  serializedVersion: 3
  m_Convex: 0
  m_CookingOptions: 14
  m_SkinWidth: 0.01
  m_Mesh: {fileID: 10209, guid: 0000000000000000e000000000000000, type: 0}
--- !u!23 &1469432621
MeshRenderer:
  m_ObjectHideFlags: 0
  m_CorrespondingSourceObject: {fileID: 0}
  m_PrefabInternal: {fileID: 0}
  m_GameObject: {fileID: 1469432619}
  m_Enabled: 1
  m_CastShadows: 1
  m_ReceiveShadows: 1
  m_DynamicOccludee: 1
  m_MotionVectors: 1
  m_LightProbeUsage: 1
  m_ReflectionProbeUsage: 1
  m_RenderingLayerMask: 4294967295
  m_Materials:
  - {fileID: 2100000, guid: 262906817100c1e4e82a97964c841e5e, type: 2}
  m_StaticBatchInfo:
    firstSubMesh: 0
    subMeshCount: 0
  m_StaticBatchRoot: {fileID: 0}
  m_ProbeAnchor: {fileID: 0}
  m_LightProbeVolumeOverride: {fileID: 0}
  m_ScaleInLightmap: 1
  m_PreserveUVs: 0
  m_IgnoreNormalsForChartDetection: 0
  m_ImportantGI: 0
  m_StitchLightmapSeams: 0
  m_SelectedEditorRenderState: 3
  m_MinimumChartSize: 4
  m_AutoUVMaxDistance: 0.5
  m_AutoUVMaxAngle: 89
  m_LightmapParameters: {fileID: 0}
  m_SortingLayerID: 0
  m_SortingLayer: 0
  m_SortingOrder: 0
--- !u!33 &1469432622
MeshFilter:
  m_ObjectHideFlags: 0
  m_CorrespondingSourceObject: {fileID: 0}
  m_PrefabInternal: {fileID: 0}
  m_GameObject: {fileID: 1469432619}
  m_Mesh: {fileID: 10209, guid: 0000000000000000e000000000000000, type: 0}
--- !u!4 &1469432623
Transform:
  m_ObjectHideFlags: 0
  m_CorrespondingSourceObject: {fileID: 0}
  m_PrefabInternal: {fileID: 0}
  m_GameObject: {fileID: 1469432619}
  m_LocalRotation: {x: 0, y: 0, z: 0, w: 1}
  m_LocalPosition: {x: 50, y: -0.1, z: 50}
  m_LocalScale: {x: 10, y: 1, z: 10}
  m_Children: []
  m_Father: {fileID: 0}
  m_RootOrder: 9
  m_LocalEulerAnglesHint: {x: 0, y: 0, z: 0}
--- !u!1 &1658505283
GameObject:
  m_ObjectHideFlags: 0
  m_CorrespondingSourceObject: {fileID: 0}
  m_PrefabInternal: {fileID: 0}
  serializedVersion: 6
  m_Component:
  - component: {fileID: 1658505284}
  m_Layer: 0
  m_Name: LevelGoal (1)
  m_TagString: LevelGoal
  m_Icon: {fileID: 0}
  m_NavMeshLayer: 0
  m_StaticEditorFlags: 0
  m_IsActive: 1
--- !u!4 &1658505284
Transform:
  m_ObjectHideFlags: 0
  m_CorrespondingSourceObject: {fileID: 0}
  m_PrefabInternal: {fileID: 0}
  m_GameObject: {fileID: 1658505283}
  m_LocalRotation: {x: 0, y: 0, z: 0, w: 1}
  m_LocalPosition: {x: 1.43, y: 0, z: 3.45}
  m_LocalScale: {x: 1, y: 1, z: 1}
  m_Children: []
  m_Father: {fileID: 0}
  m_RootOrder: 13
  m_LocalEulerAnglesHint: {x: 0, y: 0, z: 0}
--- !u!114 &1731353431 stripped
MonoBehaviour:
  m_CorrespondingSourceObject: {fileID: 114376878700774128, guid: 9726bf132d99ba241ab9480682120b72,
    type: 2}
  m_PrefabInternal: {fileID: 461350598}
  m_Script: {fileID: 708705254, guid: f70555f144d8491a825f0804e09c671c, type: 3}
--- !u!1001 &1798306541
Prefab:
  m_ObjectHideFlags: 0
  serializedVersion: 2
  m_Modification:
    m_TransformParent: {fileID: 0}
    m_Modifications:
    - target: {fileID: 114338306056960094, guid: a4a802db8889f15498404b343cfd3c2c,
        type: 2}
      propertyPath: texts.Array.size
      value: 4
      objectReference: {fileID: 0}
    - target: {fileID: 114338306056960094, guid: a4a802db8889f15498404b343cfd3c2c,
        type: 2}
      propertyPath: sound.Array.size
      value: 4
      objectReference: {fileID: 0}
    - target: {fileID: 4273972782031894, guid: a4a802db8889f15498404b343cfd3c2c, type: 2}
      propertyPath: m_LocalPosition.x
      value: 0
      objectReference: {fileID: 0}
    - target: {fileID: 4273972782031894, guid: a4a802db8889f15498404b343cfd3c2c, type: 2}
      propertyPath: m_LocalPosition.y
      value: 0
      objectReference: {fileID: 0}
    - target: {fileID: 4273972782031894, guid: a4a802db8889f15498404b343cfd3c2c, type: 2}
      propertyPath: m_LocalPosition.z
      value: 0
      objectReference: {fileID: 0}
    - target: {fileID: 4273972782031894, guid: a4a802db8889f15498404b343cfd3c2c, type: 2}
      propertyPath: m_LocalRotation.x
      value: 0
      objectReference: {fileID: 0}
    - target: {fileID: 4273972782031894, guid: a4a802db8889f15498404b343cfd3c2c, type: 2}
      propertyPath: m_LocalRotation.y
      value: 0
      objectReference: {fileID: 0}
    - target: {fileID: 4273972782031894, guid: a4a802db8889f15498404b343cfd3c2c, type: 2}
      propertyPath: m_LocalRotation.z
      value: 0
      objectReference: {fileID: 0}
    - target: {fileID: 4273972782031894, guid: a4a802db8889f15498404b343cfd3c2c, type: 2}
      propertyPath: m_LocalRotation.w
      value: 1
      objectReference: {fileID: 0}
    - target: {fileID: 4273972782031894, guid: a4a802db8889f15498404b343cfd3c2c, type: 2}
      propertyPath: m_RootOrder
      value: 7
      objectReference: {fileID: 0}
    - target: {fileID: 1182049924682312, guid: a4a802db8889f15498404b343cfd3c2c, type: 2}
      propertyPath: m_Name
      value: CutsceneText_1
      objectReference: {fileID: 0}
    - target: {fileID: 114338306056960094, guid: a4a802db8889f15498404b343cfd3c2c,
        type: 2}
      propertyPath: texts.Array.data[3]
      value: 3
      objectReference: {fileID: 0}
    - target: {fileID: 114338306056960094, guid: a4a802db8889f15498404b343cfd3c2c,
        type: 2}
      propertyPath: texts.Array.data[0]
      value: Example of an added second CutsceneText
      objectReference: {fileID: 0}
    - target: {fileID: 114338306056960094, guid: a4a802db8889f15498404b343cfd3c2c,
        type: 2}
      propertyPath: texts.Array.data[1]
      value: 1
      objectReference: {fileID: 0}
    - target: {fileID: 114338306056960094, guid: a4a802db8889f15498404b343cfd3c2c,
        type: 2}
      propertyPath: texts.Array.data[2]
      value: 2
      objectReference: {fileID: 0}
    - target: {fileID: 1182049924682312, guid: a4a802db8889f15498404b343cfd3c2c, type: 2}
      propertyPath: m_IsActive
      value: 1
      objectReference: {fileID: 0}
    - target: {fileID: 223713749459172294, guid: a4a802db8889f15498404b343cfd3c2c,
        type: 2}
      propertyPath: m_Enabled
      value: 0
      objectReference: {fileID: 0}
    - target: {fileID: 224779259485042762, guid: a4a802db8889f15498404b343cfd3c2c,
        type: 2}
      propertyPath: m_AnchoredPosition.x
      value: 0
      objectReference: {fileID: 0}
    - target: {fileID: 224779259485042762, guid: a4a802db8889f15498404b343cfd3c2c,
        type: 2}
      propertyPath: m_AnchoredPosition.y
      value: -43.299988
      objectReference: {fileID: 0}
    - target: {fileID: 224779259485042762, guid: a4a802db8889f15498404b343cfd3c2c,
        type: 2}
      propertyPath: m_SizeDelta.x
      value: 0
      objectReference: {fileID: 0}
    m_RemovedComponents: []
  m_SourcePrefab: {fileID: 100100000, guid: a4a802db8889f15498404b343cfd3c2c, type: 2}
  m_IsPrefabAsset: 0
--- !u!1001 &1819318874
Prefab:
  m_ObjectHideFlags: 0
  serializedVersion: 2
  m_Modification:
    m_TransformParent: {fileID: 0}
    m_Modifications:
    - target: {fileID: 114421260007892402, guid: 5cec33e3cf0cc7645b9cb464345332be,
        type: 2}
      propertyPath: invisibleVisualization.Array.size
      value: 2
      objectReference: {fileID: 0}
    - target: {fileID: 4374345103530238, guid: 5cec33e3cf0cc7645b9cb464345332be, type: 2}
      propertyPath: m_LocalPosition.x
      value: 0
      objectReference: {fileID: 0}
    - target: {fileID: 4374345103530238, guid: 5cec33e3cf0cc7645b9cb464345332be, type: 2}
      propertyPath: m_LocalPosition.y
      value: 0
      objectReference: {fileID: 0}
    - target: {fileID: 4374345103530238, guid: 5cec33e3cf0cc7645b9cb464345332be, type: 2}
      propertyPath: m_LocalPosition.z
      value: 0
      objectReference: {fileID: 0}
    - target: {fileID: 4374345103530238, guid: 5cec33e3cf0cc7645b9cb464345332be, type: 2}
      propertyPath: m_LocalRotation.x
      value: -0
      objectReference: {fileID: 0}
    - target: {fileID: 4374345103530238, guid: 5cec33e3cf0cc7645b9cb464345332be, type: 2}
      propertyPath: m_LocalRotation.y
      value: -0
      objectReference: {fileID: 0}
    - target: {fileID: 4374345103530238, guid: 5cec33e3cf0cc7645b9cb464345332be, type: 2}
      propertyPath: m_LocalRotation.z
      value: -0
      objectReference: {fileID: 0}
    - target: {fileID: 4374345103530238, guid: 5cec33e3cf0cc7645b9cb464345332be, type: 2}
      propertyPath: m_LocalRotation.w
      value: 1
      objectReference: {fileID: 0}
    - target: {fileID: 4374345103530238, guid: 5cec33e3cf0cc7645b9cb464345332be, type: 2}
      propertyPath: m_RootOrder
      value: 0
      objectReference: {fileID: 0}
    - target: {fileID: 114944227726388786, guid: 5cec33e3cf0cc7645b9cb464345332be,
        type: 2}
      propertyPath: biologist
      value: 
      objectReference: {fileID: 1139280259}
    - target: {fileID: 114944227726388786, guid: 5cec33e3cf0cc7645b9cb464345332be,
        type: 2}
      propertyPath: soldier
      value: 
      objectReference: {fileID: 186498258}
    - target: {fileID: 114944227726388786, guid: 5cec33e3cf0cc7645b9cb464345332be,
        type: 2}
      propertyPath: scientist
      value: 
      objectReference: {fileID: 1404110049}
    - target: {fileID: 114944227726388786, guid: 5cec33e3cf0cc7645b9cb464345332be,
        type: 2}
      propertyPath: characterName
      value: 
      objectReference: {fileID: 1731353431}
    - target: {fileID: 114944227726388786, guid: 5cec33e3cf0cc7645b9cb464345332be,
        type: 2}
      propertyPath: characterClass
      value: 
      objectReference: {fileID: 1016955007}
    - target: {fileID: 82948606675659418, guid: 5cec33e3cf0cc7645b9cb464345332be,
        type: 2}
      propertyPath: m_audioClip
      value: 
      objectReference: {fileID: 8300000, guid: 9924e959dc1bcd64a86167853768707b, type: 3}
    - target: {fileID: 82456698926707894, guid: 5cec33e3cf0cc7645b9cb464345332be,
        type: 2}
      propertyPath: m_Volume
      value: 0.5
      objectReference: {fileID: 0}
    - target: {fileID: 82948606675659418, guid: 5cec33e3cf0cc7645b9cb464345332be,
        type: 2}
      propertyPath: m_Volume
      value: 0.5
      objectReference: {fileID: 0}
    - target: {fileID: 82948606675659418, guid: 5cec33e3cf0cc7645b9cb464345332be,
        type: 2}
      propertyPath: Loop
      value: 1
      objectReference: {fileID: 0}
    - target: {fileID: 114602482764593518, guid: 5cec33e3cf0cc7645b9cb464345332be,
        type: 2}
      propertyPath: startPositions.Array.data[0].x
      value: 0
      objectReference: {fileID: 0}
    - target: {fileID: 114602482764593518, guid: 5cec33e3cf0cc7645b9cb464345332be,
        type: 2}
      propertyPath: startPositions.Array.data[1].x
      value: 1
      objectReference: {fileID: 0}
    - target: {fileID: 114602482764593518, guid: 5cec33e3cf0cc7645b9cb464345332be,
        type: 2}
      propertyPath: startPositions.Array.data[1].y
      value: 1
      objectReference: {fileID: 0}
    - target: {fileID: 114602482764593518, guid: 5cec33e3cf0cc7645b9cb464345332be,
        type: 2}
      propertyPath: startPositions.Array.data[2].x
      value: 0
      objectReference: {fileID: 0}
    - target: {fileID: 114602482764593518, guid: 5cec33e3cf0cc7645b9cb464345332be,
        type: 2}
      propertyPath: startPositions.Array.data[0].y
      value: 1
      objectReference: {fileID: 0}
    - target: {fileID: 114421260007892402, guid: 5cec33e3cf0cc7645b9cb464345332be,
        type: 2}
      propertyPath: skillUseSound
      value: 
      objectReference: {fileID: 8300000, guid: 30114bc0d6e3be440976a2acc0533fe1, type: 3}
    - target: {fileID: 4205851370692114, guid: 5cec33e3cf0cc7645b9cb464345332be, type: 2}
      propertyPath: m_LocalRotation.x
      value: 0
      objectReference: {fileID: 0}
    - target: {fileID: 4205851370692114, guid: 5cec33e3cf0cc7645b9cb464345332be, type: 2}
      propertyPath: m_LocalRotation.y
      value: 0
      objectReference: {fileID: 0}
    - target: {fileID: 4205851370692114, guid: 5cec33e3cf0cc7645b9cb464345332be, type: 2}
      propertyPath: m_LocalRotation.z
      value: 0
      objectReference: {fileID: 0}
    - target: {fileID: 4205851370692114, guid: 5cec33e3cf0cc7645b9cb464345332be, type: 2}
      propertyPath: m_LocalRotation.w
      value: 1
      objectReference: {fileID: 0}
    - target: {fileID: 4205851370692114, guid: 5cec33e3cf0cc7645b9cb464345332be, type: 2}
      propertyPath: m_LocalEulerAnglesHint.y
      value: 0
      objectReference: {fileID: 0}
    - target: {fileID: 198655999638245904, guid: 5cec33e3cf0cc7645b9cb464345332be,
        type: 2}
      propertyPath: playOnAwake
      value: 0
      objectReference: {fileID: 0}
    - target: {fileID: 198791264520952894, guid: 5cec33e3cf0cc7645b9cb464345332be,
        type: 2}
      propertyPath: playOnAwake
      value: 0
      objectReference: {fileID: 0}
    - target: {fileID: 114421260007892402, guid: 5cec33e3cf0cc7645b9cb464345332be,
        type: 2}
      propertyPath: invisibleVisualization.Array.data[0]
      value: 
      objectReference: {fileID: 710936634}
    - target: {fileID: 114421260007892402, guid: 5cec33e3cf0cc7645b9cb464345332be,
        type: 2}
      propertyPath: invisibleVisualization.Array.data[1]
      value: 
      objectReference: {fileID: 1383028476}
    m_RemovedComponents: []
  m_SourcePrefab: {fileID: 100100000, guid: 5cec33e3cf0cc7645b9cb464345332be, type: 2}
  m_IsPrefabAsset: 0
--- !u!114 &1936369187 stripped
MonoBehaviour:
  m_CorrespondingSourceObject: {fileID: 114338306056960094, guid: a4a802db8889f15498404b343cfd3c2c,
    type: 2}
  m_PrefabInternal: {fileID: 1798306541}
  m_Script: {fileID: 11500000, guid: c729196d369a62748a8552614a20a0a0, type: 3}
--- !u!1 &1997894890
GameObject:
  m_ObjectHideFlags: 0
  m_CorrespondingSourceObject: {fileID: 0}
  m_PrefabInternal: {fileID: 0}
  serializedVersion: 6
  m_Component:
  - component: {fileID: 1997894891}
  m_Layer: 0
  m_Name: '---------------------------'
  m_TagString: Untagged
  m_Icon: {fileID: 0}
  m_NavMeshLayer: 0
  m_StaticEditorFlags: 0
  m_IsActive: 1
--- !u!4 &1997894891
Transform:
  m_ObjectHideFlags: 0
  m_CorrespondingSourceObject: {fileID: 0}
  m_PrefabInternal: {fileID: 0}
  m_GameObject: {fileID: 1997894890}
  m_LocalRotation: {x: 0, y: 0, z: 0, w: 1}
  m_LocalPosition: {x: 0, y: 0, z: 0}
  m_LocalScale: {x: 1, y: 1, z: 1}
  m_Children: []
  m_Father: {fileID: 0}
  m_RootOrder: 8
  m_LocalEulerAnglesHint: {x: 0, y: 0, z: 0}
--- !u!1 &2039748742
GameObject:
  m_ObjectHideFlags: 0
  m_CorrespondingSourceObject: {fileID: 0}
  m_PrefabInternal: {fileID: 0}
  serializedVersion: 6
  m_Component:
  - component: {fileID: 2039748743}
  - component: {fileID: 2039748746}
  - component: {fileID: 2039748745}
  - component: {fileID: 2039748744}
  m_Layer: 9
  m_Name: Obstacle (2)
  m_TagString: Untagged
  m_Icon: {fileID: 0}
  m_NavMeshLayer: 0
  m_StaticEditorFlags: 0
  m_IsActive: 1
--- !u!4 &2039748743
Transform:
  m_ObjectHideFlags: 0
  m_CorrespondingSourceObject: {fileID: 0}
  m_PrefabInternal: {fileID: 0}
  m_GameObject: {fileID: 2039748742}
  m_LocalRotation: {x: -0, y: -0, z: -0, w: 1}
  m_LocalPosition: {x: -2.09, y: 0.5, z: -0.96}
  m_LocalScale: {x: 1.8351, y: 1, z: 3.2572}
  m_Children: []
  m_Father: {fileID: 73164043}
  m_RootOrder: 2
  m_LocalEulerAnglesHint: {x: 0, y: 0, z: 0}
--- !u!65 &2039748744
BoxCollider:
  m_ObjectHideFlags: 0
  m_CorrespondingSourceObject: {fileID: 0}
  m_PrefabInternal: {fileID: 0}
  m_GameObject: {fileID: 2039748742}
  m_Material: {fileID: 0}
  m_IsTrigger: 0
  m_Enabled: 1
  serializedVersion: 2
  m_Size: {x: 1, y: 1, z: 1}
  m_Center: {x: 0, y: 0, z: 0}
--- !u!23 &2039748745
MeshRenderer:
  m_ObjectHideFlags: 0
  m_CorrespondingSourceObject: {fileID: 0}
  m_PrefabInternal: {fileID: 0}
  m_GameObject: {fileID: 2039748742}
  m_Enabled: 1
  m_CastShadows: 1
  m_ReceiveShadows: 1
  m_DynamicOccludee: 1
  m_MotionVectors: 1
  m_LightProbeUsage: 1
  m_ReflectionProbeUsage: 1
  m_RenderingLayerMask: 4294967295
  m_Materials:
  - {fileID: 2100000, guid: 9c69c0239a498f440801e4c98dab8c1f, type: 2}
  m_StaticBatchInfo:
    firstSubMesh: 0
    subMeshCount: 0
  m_StaticBatchRoot: {fileID: 0}
  m_ProbeAnchor: {fileID: 0}
  m_LightProbeVolumeOverride: {fileID: 0}
  m_ScaleInLightmap: 1
  m_PreserveUVs: 0
  m_IgnoreNormalsForChartDetection: 0
  m_ImportantGI: 0
  m_StitchLightmapSeams: 0
  m_SelectedEditorRenderState: 3
  m_MinimumChartSize: 4
  m_AutoUVMaxDistance: 0.5
  m_AutoUVMaxAngle: 89
  m_LightmapParameters: {fileID: 0}
  m_SortingLayerID: 0
  m_SortingLayer: 0
  m_SortingOrder: 0
--- !u!33 &2039748746
MeshFilter:
  m_ObjectHideFlags: 0
  m_CorrespondingSourceObject: {fileID: 0}
  m_PrefabInternal: {fileID: 0}
  m_GameObject: {fileID: 2039748742}
  m_Mesh: {fileID: 10202, guid: 0000000000000000e000000000000000, type: 0}
